@unknown{reclaimer,
author = {Fettes, Quintin and Karanth, Avinash and Bunescu, Razvan and Beckwith, Brandon and Subramoney, Sreenivas},
year = {2023},
month = {04},
pages = {},
title = {Reclaimer: A Reinforcement Learning Approach to Dynamic Resource Allocation for Cloud Microservices}
}

@misc{sinan,
      title={Sinan: Data-Driven, QoS-Aware Cluster Management for Microservices}, 
      author={Yanqi Zhang and Weizhe Hua and Zhuangzhuang Zhou and Edward Suh and Christina Delimitrou},
      year={2021},
      eprint={2105.13424},
      archivePrefix={arXiv},
      primaryClass={cs.DC}
}

@inproceedings{dynamic_resource_allocation,
author = {Tao, Ye and Wang, Xiaodong and Xiaowei, Xu and Chen, Yinong},
year = {2017},
month = {03},
pages = {61-67},
title = {Dynamic Resource Allocation Algorithm for Container-Based Service Computing},
doi = {10.1109/ISADS.2017.20}
}

@inbook{repad,
author = {Lee, Ming-Chang and Lin, Jia-Chun and Gran, Ernst},
year = {2020},
month = {03},
pages = {1291-1302},
title = {RePAD: Real-Time Proactive Anomaly Detection for Time Series},
isbn = {978-3-030-44040-4},
doi = {10.1007/978-3-030-44041-1_110}
}

@misc{greenhouse,
      title={Greenhouse: A Zero-Positive Machine Learning System for Time-Series Anomaly Detection}, 
      author={Tae Jun Lee and Justin Gottschlich and Nesime Tatbul and Eric Metcalf and Stan Zdonik},
      year={2018},
      eprint={1801.03168},
      archivePrefix={arXiv},
      primaryClass={cs.AI}
}

@inproceedings{rerepad,
   title={ReRe: A Lightweight Real-Time Ready-to-Go Anomaly Detection Approach for Time Series},
   url={http://dx.doi.org/10.1109/COMPSAC48688.2020.0-226},
   DOI={10.1109/compsac48688.2020.0-226},
   booktitle={2020 IEEE 44th Annual Computers, Software, and Applications Conference (COMPSAC)},
   publisher={IEEE},
   author={Lee, Ming-Chang and Lin, Jia-Chun and Gan, Ernst Gunner},
   year={2020},
   month=jul }

@ARTICLE{qos_1,
  author={Esposito, Christian and Castiglione, Aniello and Choo, Kim-Kwang Raymond},
  journal={IEEE Cloud Computing}, 
  title={Challenges in Delivering Software in the Cloud as Microservices}, 
  year={2016},
  volume={3},
  number={5},
  pages={10-14},
  doi={10.1109/MCC.2016.105}}

@misc{qos_2,
      title={Experience-driven Networking: A Deep Reinforcement Learning based Approach}, 
      author={Zhiyuan Xu and Jian Tang and Jingsong Meng and Weiyi Zhang and Yanzhi Wang and Chi Harold Liu and Dejun Yang},
      year={2018},
      eprint={1801.05757},
      archivePrefix={arXiv},
      primaryClass={cs.NI}
}